@misc{wiki:algorithm,
   author = "{Wikipedia contributors}",
   title = "Algorithm --- {W}ikipedia{,} The Free Encyclopedia",
   year = "2019",
   url = "https://en.wikipedia.org/wiki/Algorithm",
   note = "[Online; accessed 24-February-2019]"
 }


@article{hicks,
    author  =   "Stephen Hicks",
    title   =   "Rapid Prototyping in \TeX",
    journal =   "The Monad Reader",
    volume  =   "13",
    pages   =   "5--17",
    year    =   "2009"
}
