@misc{mv_code_club2019,
    title={Intro to Scratch Stories 6: Rock-Paper-Scissors},
    url={https://www.mvcode.com/lessons/intro-to-scratch-stories-6-rock-paper-scissors}, 
    year={2019},
    author={MVCodeClub}}


@misc{wiki:stream,
    author = "{Wikipedia}",
    title = "Stream (computing) --- {Wikipedia}{,} The Free Encyclopedia",
    year = "2018",
    url = "https://en.wikipedia.org/w/index.php?title=Stream_(computing)&oldid=824727066",
    note = "[Online; accessed 10-May-2019]"
  }

@misc{wiki:json,
    author = "{Wikipedia}",
    title = "JSON --- {Wikipedia}{,} The Free Encyclopedia",
    year = "2019",
    url = "https://en.wikipedia.org/w/index.php?title=JSON&oldid=895923828",
    note = "[Online; accessed 10-May-2019]"
  }


 @misc{wiki:rasp,
   author = "Wikimedia Commons",
   title = "File:Raspberry PI.jpeg --- Wikimedia Commons{,} the free media repository",
   year = "2017",
   url = "https://commons.wikimedia.org/w/index.php?title=File:Raspberry_PI.jpeg&oldid=265952252",
   note = "[Online; accessed 3-June-2019]"
 }

@misc{luhn_2018,
   title="Is my credit card valid?",
   url="https://www.101computing.net/is-my-credit-card-valid/",
   journal="101 Computing",
   year="2018",
   note = "[Online; accessed 20-June-2019]"
 }


@misc{maneesha_2017,
   title="What happens when you type an URL in the browser and press enter?",
   url="https://medium.com/@maneesha.wijesinghe1/what-happens-when-you-type-an-url-in-the-browser-and-press-enter-bb0aa2449c1a",
   journal="101 Computing",
   year="2017",
   note = "[Online; accessed 20-June-2019]"
 }

 @misc{wiki:internet,
    author = "{Wikipedia contributors}",
    title = "Internet --- {Wikipedia}{,} The Free Encyclopedia",
    year = "2019",
    url = "https://en.wikipedia.org/w/index.php?title=Internet&oldid=903434670",
    note = "[Online; accessed 25-June-2019]"
  }